[gd_resource type="VisualShader" load_steps=48 format=2]

[ext_resource path="res://rain/rain_noise.tres" type="OpenSimplexNoise" id=1]
[ext_resource path="res://rain/rain_texture.tres" type="Texture" id=2]

[sub_resource type="VisualShaderNodeScalarOp" id=1]
default_input_values = [ 0, 0.0, 1, 0.1 ]
operator = 2

[sub_resource type="VisualShaderNodeScalarOp" id=2]
default_input_values = [ 0, 0.0, 1, 0.2 ]
operator = 2

[sub_resource type="VisualShaderNodeInput" id=3]
input_name = "uv"

[sub_resource type="VisualShaderNodeVectorOp" id=4]

[sub_resource type="VisualShaderNodeTexture" id=5]
texture = ExtResource( 2 )

[sub_resource type="VisualShaderNodeScalarOp" id=6]
default_input_values = [ 0, 0.0, 1, 0.06 ]

[sub_resource type="VisualShaderNodeVectorOp" id=7]
default_input_values = [ 0, Vector3( 0, 0, 0 ), 1, Vector3( 16, 1, 0.5 ) ]
operator = 2

[sub_resource type="VisualShaderNodeTexture" id=8]
texture = ExtResource( 2 )

[sub_resource type="VisualShaderNodeVectorOp" id=9]

[sub_resource type="VisualShaderNodeVectorOp" id=10]
output_port_for_preview = 0

[sub_resource type="VisualShaderNodeVectorOp" id=11]
default_input_values = [ 0, Vector3( 0, 0, 0 ), 1, Vector3( 0.4, 0.4, 0 ) ]
operator = 2

[sub_resource type="VisualShaderNodeScalarOp" id=12]
default_input_values = [ 0, 0.0, 1, -0.02 ]
operator = 2

[sub_resource type="VisualShaderNodeVectorCompose" id=13]
default_input_values = [ 0, 1.0, 1, 0.0, 2, 0.0 ]

[sub_resource type="VisualShaderNodeInput" id=14]
input_name = "time"

[sub_resource type="VisualShaderNodeVectorOp" id=15]
output_port_for_preview = 0
operator = 10

[sub_resource type="VisualShaderNodeScalarUniform" id=16]
uniform_name = "cycle_speed"

[sub_resource type="VisualShaderNodeVectorOp" id=17]
output_port_for_preview = 0
operator = 4

[sub_resource type="VisualShaderNodeScalarOp" id=18]
default_input_values = [ 0, 0.0, 1, 0.5 ]
operator = 2

[sub_resource type="VisualShaderNodeScalarUniform" id=19]
uniform_name = "variance"

[sub_resource type="VisualShaderNodeScalarUniform" id=20]
uniform_name = "minimum"

[sub_resource type="VisualShaderNodeScalarUniform" id=21]
uniform_name = "fall_speed"

[sub_resource type="VisualShaderNodeScalarOp" id=22]
default_input_values = [ 0, 0.0, 1, -1.0 ]
operator = 2

[sub_resource type="VisualShaderNodeVec3Uniform" id=23]
uniform_name = "ripple_speed"

[sub_resource type="VisualShaderNodeVectorOp" id=24]
default_input_values = [ 0, Vector3( 0, 0, 0 ), 1, Vector3( 0.4, 0.4, 0 ) ]
operator = 2

[sub_resource type="VisualShaderNodeVectorOp" id=25]
output_port_for_preview = 0
default_input_values = [ 0, Vector3( 0, 0, 0 ), 1, Vector3( 0.5, 0.5, 0.5 ) ]
operator = 2

[sub_resource type="VisualShaderNodeScalarUniform" id=26]
uniform_name = "ripple_strength"

[sub_resource type="VisualShaderNodeVec3Uniform" id=27]
uniform_name = "ripple_size"

[sub_resource type="VisualShaderNodeVec3Uniform" id=28]
uniform_name = "droplet_size"

[sub_resource type="VisualShaderNodeVectorOp" id=29]
default_input_values = [ 0, Vector3( 0.5, 0.1, 0 ), 1, Vector3( 0.4, 0.4, 0 ) ]
operator = 3

[sub_resource type="VisualShaderNodeVectorOp" id=30]
default_input_values = [ 0, Vector3( 32, 2, 0 ), 1, Vector3( 0.4, 0.4, 0 ) ]
operator = 3

[sub_resource type="VisualShaderNodeScalarFunc" id=31]
function = 0

[sub_resource type="VisualShaderNodeScalarOp" id=32]
default_input_values = [ 0, 0.0, 1, 0.19 ]

[sub_resource type="VisualShaderNodeScalarOp" id=33]
default_input_values = [ 0, 0.0, 1, 0.1 ]
operator = 2

[sub_resource type="NoiseTexture" id=34]
width = 2560
height = 540
seamless = true
noise = ExtResource( 1 )

[sub_resource type="VisualShaderNodeTexture" id=35]
texture = SubResource( 34 )

[sub_resource type="VisualShaderNodeScalarOp" id=36]
output_port_for_preview = 0
default_input_values = [ 0, 0.0, 1, 0.45 ]
operator = 2

[sub_resource type="VisualShaderNodeScalarOp" id=37]
default_input_values = [ 0, 0.0, 1, 0.01 ]
operator = 2

[sub_resource type="VisualShaderNodeVectorCompose" id=38]

[sub_resource type="VisualShaderNodeScalarOp" id=39]
default_input_values = [ 0, 0.0, 1, 2560.0 ]
operator = 3

[sub_resource type="VisualShaderNodeBooleanUniform" id=40]
uniform_name = "noise_variance"

[sub_resource type="VisualShaderNodeScalarSwitch" id=41]

[sub_resource type="VisualShaderNodeInput" id=42]
input_name = "screen_uv"

[sub_resource type="CameraTexture" id=43]

[sub_resource type="VisualShaderNodeTexture" id=44]
source = 1
texture = SubResource( 43 )

[sub_resource type="VisualShaderNodeScalarOp" id=45]
output_port_for_preview = 0
default_input_values = [ 0, 0.0, 1, -0.5 ]
operator = 2

[resource]
code = "shader_type canvas_item;
uniform vec3 ripple_speed;
uniform vec3 ripple_size;
uniform sampler2D tex_frg_22;uniform float ripple_strength;
uniform vec3 droplet_size;
uniform float fall_speed;
uniform sampler2D tex_frg_2;uniform bool noise_variance;
uniform float cycle_speed;
uniform sampler2D tex_frg_58;uniform float variance;
uniform float minimum;



void vertex() {
// Output:0

}

void fragment() {
// Input:67
	vec3 n_out67p0;
	n_out67p0 = vec3(SCREEN_UV,0.0);

// Texture:68
	vec3 n_out68p0;
	float n_out68p1;
	{
		vec4 _tex_read = textureLod( SCREEN_TEXTURE , n_out67p0.xy , 0.0 );
		n_out68p0 = _tex_read.rgb;
		n_out68p1 = _tex_read.a;
	}

// VectorUniform:46
	vec3 n_out46p0;
	n_out46p0 = ripple_speed;

// Input:3
	float n_out3p0;
	n_out3p0 = TIME;

// ScalarOp:28
	float n_in28p1 = -0.02000;
	float n_out28p0;
	n_out28p0 = n_out3p0 * n_in28p1;

// VectorOp:47
	vec3 n_out47p0;
	n_out47p0 = n_out46p0 * vec3(n_out28p0);

// VectorUniform:51
	vec3 n_out51p0;
	n_out51p0 = ripple_size;

// VectorOp:53
	vec3 n_in53p0 = vec3(0.50000,0.10000,0.00000);
	vec3 n_out53p0;
	n_out53p0 = n_in53p0 / n_out51p0;

// Input:16
	vec3 n_out16p0;
	n_out16p0 = vec3(UV,0.0);

// VectorOp:27
	vec3 n_out27p0;
	n_out27p0 = n_out53p0 * n_out16p0;

// VectorOp:23
	vec3 n_out23p0;
	n_out23p0 = n_out47p0 + n_out27p0;

// Texture:22
	vec3 n_out22p0;
	float n_out22p1;
	vec4 tex_frg_22_read = texture( tex_frg_22 , n_out23p0.xy );
	n_out22p0 = tex_frg_22_read.rgb;
	n_out22p1 = tex_frg_22_read.a;

// ScalarUniform:50
	float n_out50p0;
	n_out50p0 = ripple_strength;

// VectorOp:48
	vec3 n_out48p0;
	n_out48p0 = n_out22p0 * vec3(n_out50p0);

// VectorUniform:52
	vec3 n_out52p0;
	n_out52p0 = droplet_size;

// VectorOp:54
	vec3 n_in54p0 = vec3(32.00000,2.00000,0.00000);
	vec3 n_out54p0;
	n_out54p0 = n_in54p0 / n_out52p0;

// VectorOp:21
	vec3 n_out21p0;
	n_out21p0 = n_out16p0 * n_out54p0;

// ScalarUniform:44
	float n_out44p0;
	n_out44p0 = fall_speed;

// ScalarOp:9
	float n_in9p1 = -0.50000;
	float n_out9p0;
	n_out9p0 = n_out3p0 * n_in9p1;

// ScalarOp:45
	float n_out45p0;
	n_out45p0 = n_out44p0 * n_out9p0;

// VectorCompose:29
	float n_in29p0 = 1.00000;
	float n_in29p2 = 0.00000;
	vec3 n_out29p0;
	n_out29p0 = vec3( n_in29p0 , n_out45p0 , n_in29p2 );

// VectorOp:17
	vec3 n_out17p0;
	n_out17p0 = n_out21p0 + n_out29p0;

// Texture:2
	vec3 n_out2p0;
	float n_out2p1;
	vec4 tex_frg_2_read = texture( tex_frg_2 , n_out17p0.xy );
	n_out2p0 = tex_frg_2_read.rgb;
	n_out2p1 = tex_frg_2_read.a;

// VectorOp:25
	vec3 n_out25p0;
	n_out25p0 = n_out48p0 + n_out2p0;

// BooleanUniform:63
	bool n_out63p0;
	n_out63p0 = noise_variance;

// ScalarUniform:39
	float n_out39p0;
	n_out39p0 = cycle_speed;

// ScalarOp:41
	float n_in41p1 = 0.50000;
	float n_out41p0;
	n_out41p0 = n_out39p0 * n_in41p1;

// ScalarOp:11
	float n_out11p0;
	n_out11p0 = n_out3p0 * n_out41p0;

// ScalarOp:60
	float n_in60p1 = 0.01000;
	float n_out60p0;
	n_out60p0 = n_out11p0 * n_in60p1;

// ScalarOp:62
	float n_in62p1 = 2560.00000;
	float n_out62p0;
	n_out62p0 = n_out60p0 / n_in62p1;

// VectorCompose:61
	float n_in61p2 = 0.00000;
	vec3 n_out61p0;
	n_out61p0 = vec3( n_out60p0 , n_out62p0 , n_in61p2 );

// Texture:58
	vec3 n_out58p0;
	float n_out58p1;
	vec4 tex_frg_58_read = texture( tex_frg_58 , n_out61p0.xy );
	n_out58p0 = tex_frg_58_read.rgb;
	n_out58p1 = tex_frg_58_read.a;

// ScalarOp:59
	float n_in59p1 = 0.45000;
	float n_out59p0;
	n_out59p0 = dot(n_out58p0,vec3(0.333333,0.333333,0.333333)) * n_in59p1;

// ScalarFunc:55
	float n_out55p0;
	n_out55p0 = sin(n_out11p0);

// ScalarOp:57
	float n_in57p1 = 0.10000;
	float n_out57p0;
	n_out57p0 = n_out55p0 * n_in57p1;

// ScalarOp:56
	float n_in56p1 = 0.19000;
	float n_out56p0;
	n_out56p0 = n_out57p0 + n_in56p1;

// ScalarSwitch:64
	float n_out64p0;
	if(n_out63p0)
	{
		n_out64p0=n_out59p0;
	}
	else
	{
		n_out64p0=n_out56p0;
	}

// ScalarUniform:42
	float n_out42p0;
	n_out42p0 = variance;

// ScalarOp:15
	float n_out15p0;
	n_out15p0 = n_out64p0 * n_out42p0;

// ScalarUniform:43
	float n_out43p0;
	n_out43p0 = minimum;

// ScalarOp:20
	float n_out20p0;
	n_out20p0 = n_out15p0 + n_out43p0;

// VectorOp:4
	vec3 n_out4p0;
	n_out4p0 = mod( n_out25p0 , vec3(n_out20p0) );

// VectorOp:38
	vec3 n_out38p0;
	n_out38p0 = reflect( n_out68p0 , n_out4p0 );

// Output:0
	COLOR.rgb = n_out38p0;

}

void light() {
// Output:0

}
"
graph_offset = Vector2( -1162, -470.5 )
mode = 1
flags/light_only = false
nodes/fragment/0/position = Vector2( 1280, -60 )
nodes/fragment/2/node = SubResource( 5 )
nodes/fragment/2/position = Vector2( 100, -140 )
nodes/fragment/3/node = SubResource( 14 )
nodes/fragment/3/position = Vector2( -1660, -240 )
nodes/fragment/4/node = SubResource( 17 )
nodes/fragment/4/position = Vector2( 801, -48 )
nodes/fragment/9/node = SubResource( 45 )
nodes/fragment/9/position = Vector2( -1140, -60 )
nodes/fragment/11/node = SubResource( 1 )
nodes/fragment/11/position = Vector2( -1540, 180 )
nodes/fragment/15/node = SubResource( 2 )
nodes/fragment/15/position = Vector2( 310, 223 )
nodes/fragment/16/node = SubResource( 3 )
nodes/fragment/16/position = Vector2( -628.896, -247.904 )
nodes/fragment/17/node = SubResource( 4 )
nodes/fragment/17/position = Vector2( -80, -140 )
nodes/fragment/20/node = SubResource( 6 )
nodes/fragment/20/position = Vector2( 530, 223 )
nodes/fragment/21/node = SubResource( 7 )
nodes/fragment/21/position = Vector2( -420, -200 )
nodes/fragment/22/node = SubResource( 8 )
nodes/fragment/22/position = Vector2( 40, -460 )
nodes/fragment/23/node = SubResource( 9 )
nodes/fragment/23/position = Vector2( -200, -420 )
nodes/fragment/25/node = SubResource( 10 )
nodes/fragment/25/position = Vector2( 520, -40 )
nodes/fragment/27/node = SubResource( 11 )
nodes/fragment/27/position = Vector2( -420, -340 )
nodes/fragment/28/node = SubResource( 12 )
nodes/fragment/28/position = Vector2( -1140, -440 )
nodes/fragment/29/node = SubResource( 13 )
nodes/fragment/29/position = Vector2( -360, -80 )
nodes/fragment/38/node = SubResource( 15 )
nodes/fragment/38/position = Vector2( 1068, -99 )
nodes/fragment/39/node = SubResource( 16 )
nodes/fragment/39/position = Vector2( -1941, 216 )
nodes/fragment/41/node = SubResource( 18 )
nodes/fragment/41/position = Vector2( -1740, 200 )
nodes/fragment/42/node = SubResource( 19 )
nodes/fragment/42/position = Vector2( 152, 335 )
nodes/fragment/43/node = SubResource( 20 )
nodes/fragment/43/position = Vector2( 374, 339 )
nodes/fragment/44/node = SubResource( 21 )
nodes/fragment/44/position = Vector2( -835, -36 )
nodes/fragment/45/node = SubResource( 22 )
nodes/fragment/45/position = Vector2( -640, 0 )
nodes/fragment/46/node = SubResource( 23 )
nodes/fragment/46/position = Vector2( -820, -460 )
nodes/fragment/47/node = SubResource( 24 )
nodes/fragment/47/position = Vector2( -620, -460 )
nodes/fragment/48/node = SubResource( 25 )
nodes/fragment/48/position = Vector2( 300, -260 )
nodes/fragment/50/node = SubResource( 26 )
nodes/fragment/50/position = Vector2( 59, -220 )
nodes/fragment/51/node = SubResource( 27 )
nodes/fragment/51/position = Vector2( -1081.98, -289.632 )
nodes/fragment/52/node = SubResource( 28 )
nodes/fragment/52/position = Vector2( -1083.71, -169.632 )
nodes/fragment/53/node = SubResource( 29 )
nodes/fragment/53/position = Vector2( -900, -340 )
nodes/fragment/54/node = SubResource( 30 )
nodes/fragment/54/position = Vector2( -900, -220 )
nodes/fragment/55/node = SubResource( 31 )
nodes/fragment/55/position = Vector2( -1311.78, 446.24 )
nodes/fragment/56/node = SubResource( 32 )
nodes/fragment/56/position = Vector2( -482.72, 433.152 )
nodes/fragment/57/node = SubResource( 33 )
nodes/fragment/57/position = Vector2( -869.6, 435.616 )
nodes/fragment/58/node = SubResource( 35 )
nodes/fragment/58/position = Vector2( -723.712, 147.456 )
nodes/fragment/59/node = SubResource( 36 )
nodes/fragment/59/position = Vector2( -483.712, 147.456 )
nodes/fragment/60/node = SubResource( 37 )
nodes/fragment/60/position = Vector2( -1303.71, 204.256 )
nodes/fragment/61/node = SubResource( 38 )
nodes/fragment/61/position = Vector2( -923.712, 224.256 )
nodes/fragment/62/node = SubResource( 39 )
nodes/fragment/62/position = Vector2( -1103.71, 284.256 )
nodes/fragment/63/node = SubResource( 40 )
nodes/fragment/63/position = Vector2( -267, 146 )
nodes/fragment/64/node = SubResource( 41 )
nodes/fragment/64/position = Vector2( -60, 220 )
nodes/fragment/67/node = SubResource( 42 )
nodes/fragment/67/position = Vector2( 540, -200 )
nodes/fragment/68/node = SubResource( 44 )
nodes/fragment/68/position = Vector2( 840, -220 )
nodes/fragment/connections = PoolIntArray( 3, 0, 11, 0, 21, 0, 17, 0, 2, 0, 25, 1, 3, 0, 28, 0, 29, 0, 17, 1, 20, 0, 4, 1, 27, 0, 23, 1, 39, 0, 41, 0, 41, 0, 11, 1, 42, 0, 15, 1, 44, 0, 45, 0, 45, 0, 29, 1, 9, 0, 45, 1, 46, 0, 47, 0, 28, 0, 47, 1, 25, 0, 4, 0, 4, 0, 38, 1, 16, 0, 21, 0, 17, 0, 2, 0, 43, 0, 20, 1, 23, 0, 22, 0, 47, 0, 23, 0, 48, 0, 25, 0, 22, 0, 48, 0, 50, 0, 48, 1, 51, 0, 53, 1, 52, 0, 54, 1, 54, 0, 21, 1, 3, 0, 9, 0, 11, 0, 55, 0, 15, 0, 20, 0, 57, 0, 56, 0, 55, 0, 57, 0, 11, 0, 60, 0, 60, 0, 61, 0, 62, 0, 61, 1, 60, 0, 62, 0, 61, 0, 58, 0, 58, 0, 59, 0, 64, 0, 15, 0, 63, 0, 64, 0, 53, 0, 27, 0, 16, 0, 27, 1, 38, 0, 0, 0, 68, 0, 38, 0, 67, 0, 68, 0, 59, 0, 64, 1, 56, 0, 64, 2 )
