[gd_resource type="ShaderMaterial" load_steps=28 format=2]

[sub_resource type="VisualShaderNodeVectorInterp" id=1]

[sub_resource type="VisualShaderNodeScalarUniform" id=2]
uniform_name = "saturation"

[sub_resource type="VisualShaderNodeVectorInterp" id=3]

[sub_resource type="VisualShaderNodeScalarUniform" id=4]
uniform_name = "brightness"

[sub_resource type="VisualShaderNodeInput" id=5]
input_name = "color"

[sub_resource type="VisualShaderNodeInput" id=6]
output_port_for_preview = 0
input_name = "uv"

[sub_resource type="VisualShaderNodeVectorOp" id=7]
output_port_for_preview = 0
default_input_values = [ 0, Vector3( 0, 0, 0 ), 1, Vector3( 0.01, 0.01, 0.01 ) ]
operator = 11

[sub_resource type="VisualShaderNodeVectorOp" id=8]
operator = 2

[sub_resource type="VisualShaderNodeVectorDecompose" id=9]
output_port_for_preview = 0

[sub_resource type="VisualShaderNodeScalarOp" id=10]
output_port_for_preview = 0
operator = 6

[sub_resource type="VisualShaderNodeScalarOp" id=11]
default_input_values = [ 0, 1.0, 1, -1.0 ]
operator = 1

[sub_resource type="VisualShaderNodeVectorDecompose" id=12]
output_port_for_preview = 0

[sub_resource type="VisualShaderNodeScalarOp" id=13]
output_port_for_preview = 0
operator = 6

[sub_resource type="VisualShaderNodeVectorOp" id=14]
output_port_for_preview = 0
default_input_values = [ 0, Vector3( 0, 0, 0 ), 1, Vector3( 0.01, 0.01, 0.01 ) ]
operator = 11

[sub_resource type="VisualShaderNodeVectorFunc" id=15]
function = 34

[sub_resource type="VisualShaderNodeScalarOp" id=16]
output_port_for_preview = 0
operator = 6

[sub_resource type="VisualShaderNodeVectorInterp" id=17]

[sub_resource type="VisualShaderNodeInput" id=18]
input_name = "screen_pixel_size"

[sub_resource type="VisualShaderNodeVectorOp" id=19]
default_input_values = [ 0, Vector3( 0, 0, 0 ), 1, Vector3( 0.5, 0.5, 0.5 ) ]
operator = 11

[sub_resource type="VisualShaderNodeVectorFunc" id=20]
function = 34

[sub_resource type="VisualShaderNodeTextureUniform" id=21]
uniform_name = "fade_map"
color_default = 1

[sub_resource type="VisualShaderNodeColorFunc" id=22]
function = 1

[sub_resource type="VisualShaderNodeVectorOp" id=23]
output_port_for_preview = 0
default_input_values = [ 0, Vector3( 0, 0, 0 ), 1, Vector3( -1, -1, -1 ) ]

[sub_resource type="VisualShaderNodeVectorOp" id=24]
output_port_for_preview = 0
default_input_values = [ 0, Vector3( 0, 0, 0 ), 1, Vector3( 1, 1, 1 ) ]

[sub_resource type="VisualShader" id=25]
code = "shader_type canvas_item;
uniform sampler2D fade_map : hint_black;
uniform float saturation;
uniform float brightness;



void vertex() {
// Output:0

}

void fragment() {
// Input:15
	vec3 n_out15p0;
	n_out15p0 = COLOR.rgb;

// ColorFunc:7
	vec3 n_out7p0;
	{
		vec3 c = n_out15p0;
		float r = (c.r * .393) + (c.g *.769) + (c.b * .189);
		float g = (c.r * .349) + (c.g *.686) + (c.b * .168);
		float b = (c.r * .272) + (c.g *.534) + (c.b * .131);
		n_out7p0 = vec3(r, g, b);
	}

// TextureUniform:6
	vec3 n_out6p0;
	float n_out6p1;
	{
		vec4 n_tex_read = texture( fade_map , UV.xy );
		n_out6p0 = n_tex_read.rgb;
		n_out6p1 = n_tex_read.a;
	}

// VectorOp:8
	vec3 n_in8p1 = vec3(-1.00000,-1.00000,-1.00000);
	vec3 n_out8p0;
	n_out8p0 = n_out6p0 + n_in8p1;

// VectorOp:9
	vec3 n_in9p1 = vec3(1.00000,1.00000,1.00000);
	vec3 n_out9p0;
	n_out9p0 = n_out6p0 + n_in9p1;

// ScalarUniform:11
	float n_out11p0;
	n_out11p0 = saturation;

// VectorMix:10
	vec3 n_out10p0;
	n_out10p0 = mix( n_out8p0 , n_out9p0 , vec3(n_out11p0) );

// VectorOp:31
	vec3 n_in31p1 = vec3(0.50000,0.50000,0.50000);
	vec3 n_out31p0;
	n_out31p0 = step( n_out10p0 , n_in31p1 );

// VectorFunc:32
	vec3 n_out32p0;
	n_out32p0=vec3(1.0, 1.0, 1.0)-n_out31p0;

// VectorMix:3
	vec3 n_out3p0;
	n_out3p0 = mix( n_out7p0 , n_out15p0 , n_out32p0 );

// ScalarUniform:14
	float n_out14p0;
	n_out14p0 = brightness;

// VectorMix:13
	vec3 n_in13p0 = vec3(0.00000,0.00000,0.00000);
	vec3 n_out13p0;
	n_out13p0 = mix( n_in13p0 , n_out3p0 , vec3(n_out14p0) );

// Output:0
	COLOR.rgb = n_out13p0;

}

void light() {
// Output:0

}
"
graph_offset = Vector2( -597.518, 85.87 )
mode = 1
flags/light_only = false
nodes/fragment/0/position = Vector2( 946, 98 )
nodes/fragment/3/node = SubResource( 17 )
nodes/fragment/3/position = Vector2( 460, 40 )
nodes/fragment/6/node = SubResource( 21 )
nodes/fragment/6/position = Vector2( -980, 300 )
nodes/fragment/7/node = SubResource( 22 )
nodes/fragment/7/position = Vector2( 160, 0 )
nodes/fragment/8/node = SubResource( 23 )
nodes/fragment/8/position = Vector2( -660, 220 )
nodes/fragment/9/node = SubResource( 24 )
nodes/fragment/9/position = Vector2( -660, 460 )
nodes/fragment/10/node = SubResource( 1 )
nodes/fragment/10/position = Vector2( -320, 420 )
nodes/fragment/11/node = SubResource( 2 )
nodes/fragment/11/position = Vector2( -480, 560 )
nodes/fragment/13/node = SubResource( 3 )
nodes/fragment/13/position = Vector2( 634.5, 21.75 )
nodes/fragment/14/node = SubResource( 4 )
nodes/fragment/14/position = Vector2( 460, 200 )
nodes/fragment/15/node = SubResource( 5 )
nodes/fragment/15/position = Vector2( -100, 40 )
nodes/fragment/18/node = SubResource( 6 )
nodes/fragment/18/position = Vector2( -1760, -180 )
nodes/fragment/19/node = SubResource( 7 )
nodes/fragment/19/position = Vector2( -1200, -280 )
nodes/fragment/20/node = SubResource( 8 )
nodes/fragment/20/position = Vector2( -80, -180 )
nodes/fragment/21/node = SubResource( 9 )
nodes/fragment/21/position = Vector2( -980, -280 )
nodes/fragment/22/node = SubResource( 10 )
nodes/fragment/22/position = Vector2( -760, -300 )
nodes/fragment/23/node = SubResource( 11 )
nodes/fragment/23/position = Vector2( -300, -180 )
nodes/fragment/24/node = SubResource( 12 )
nodes/fragment/24/position = Vector2( -980, -40 )
nodes/fragment/25/node = SubResource( 13 )
nodes/fragment/25/position = Vector2( -760, -60 )
nodes/fragment/26/node = SubResource( 14 )
nodes/fragment/26/position = Vector2( -1220, -40 )
nodes/fragment/28/node = SubResource( 15 )
nodes/fragment/28/position = Vector2( -1480, -20 )
nodes/fragment/29/node = SubResource( 16 )
nodes/fragment/29/position = Vector2( -520, -180 )
nodes/fragment/30/node = SubResource( 18 )
nodes/fragment/30/position = Vector2( -1740, -300 )
nodes/fragment/31/node = SubResource( 19 )
nodes/fragment/31/position = Vector2( -60, 280 )
nodes/fragment/32/node = SubResource( 20 )
nodes/fragment/32/position = Vector2( 180, 180 )
nodes/fragment/connections = PoolIntArray( 8, 0, 10, 0, 9, 0, 10, 1, 11, 0, 10, 2, 3, 0, 13, 1, 13, 0, 0, 0, 14, 0, 13, 2, 7, 0, 3, 0, 19, 0, 21, 0, 21, 0, 22, 0, 21, 1, 22, 1, 18, 0, 19, 0, 26, 0, 24, 0, 24, 0, 25, 0, 24, 1, 25, 1, 18, 0, 28, 0, 28, 0, 26, 0, 22, 0, 29, 0, 25, 0, 29, 1, 23, 0, 20, 0, 29, 0, 23, 1, 30, 0, 19, 1, 30, 0, 26, 1, 15, 0, 7, 0, 15, 0, 3, 1, 6, 0, 8, 0, 6, 0, 9, 0, 10, 0, 31, 0, 31, 0, 32, 0, 32, 0, 3, 2 )

[sub_resource type="OpenSimplexNoise" id=26]
octaves = 4
period = 16.0

[sub_resource type="NoiseTexture" id=27]
width = 1024
height = 1024
noise = SubResource( 26 )

[resource]
shader = SubResource( 25 )
shader_param/saturation = 0.0
shader_param/brightness = 0.6
shader_param/fade_map = SubResource( 27 )
